% 2000, experiment anomalously low damping at high klD
%%%%%%%%%%%%%%%%%%%%%%%%%%%%%%%%%%%%%%%%%%%
@article{Fernandez2000,
author = {Fern{\'{a}}ndez, Juan C. and Cobble, J. A. and Montgomery, D. S. and Wilke, M. D. and Afeyan, B. B.},
doi = {10.1063/1.1287134},
file = {:home/sjs/Downloads/1.1287134.pdf:pdf},
issn = {1070664X},
journal = {Physics of Plasmas},
mendeley-groups = {iSRS},
number = {9},
pages = {3743--3750},
title = {{Observed insensitivity of stimulated Raman scattering on electron density}},
volume = {7},
year = {2000}
}

% 2020, MY FIRST PAPER BABY
%%%%%%%%%%%%%%%%%%%%%%%%%%%
@article{Spencer2020,
author = {Spencer,S. J.  and Seaton,A. G.  and Goffrey,T.  and Arber,T. D. },
title = {Inflationary stimulated Raman scattering in shock-ignition plasmas},
journal = {Physics of Plasmas},
volume = {27},
number = {12},
pages = {122705},
year = {2020},
doi = {10.1063/5.0022901},
eprint = {https://doi.org/10.1063/5.0022901}
}

% 2002, experiment measured low SRS at high klD, suggests trapping is important and that the stimulated electron acoustic scattering is observed
% and provides a spectral signature for trapping.
%%%%%%%%%%%%%%%%%%%%%%%%%%%%%%%%%%%%%%%%%%%%%%%%%%%%%%%%%%%%%%%
@article{Montgomery2002,
author = {Montgomery, D. S. and Cobble, J. A. and Fern{\'{a}}ndez, J. C. and Focia, R. J. and Johnson, R. P. and Renard-Legalloudec, N. and Rose, H. A. and Russell, D. A.},
doi = {10.1063/1.1468857},
isbn = {1070-664X},
issn = {1070664X},
journal = {Physics of Plasmas},
mendeley-groups = {iSRS},
number = {5},
pages = {2311--2320},
title = {{Recent Trident single hot spot experiments: Evidence for kinetic effects, and observation of Langmuir decay instability cascade}},
volume = {9},
year = {2002}
}

% 2001, PRL compares PIC and Zakharov for bSRS dominated by electron trapping
%%%%%%%%%%%%%%%%%%%%%%%%%%%%%%%%%%%%%%%%%%%%%%%%%%%%%%%%%%%%%%%%%%%%%%%%%%%%%
@article{Vu2001,
author = {Vu, H. X. and Dubois, D F and Bezzerides, B},
doi = {10.1103/PhysRevLett.86.4306},
journal ={Physical Review Letters},
number = {June},
title = {{Transient Enhancement and Detuning of Laser-Driven Parametric Instabilities by Particle Trapping}},
year = {2001}
}


% 2002, longer version of the 2001 PRL, finds that saturation is by phase detuning due to trapping
%%%%%%%%%%%%%%%%%%%%%%%%%%%%%%%%%%%%%%%%%%%%%%%%%%%%%%%%%%%%%%%%%%%%%%%%%%%%%%%%%%%%%%%%%%%%%%%%%
@article{Vu2002,
author = {Vu, H. X. and DuBois, D. F. and Bezzerides, B.},
doi = {10.1063/1.1471235},
isbn = {1070-664X},
issn = {1070664X},
journal = {Physics of Plasmas},
number = {5},
pages = {1745},
title = {{Kinetic inflation of stimulated Raman backscatter in regimes of high linear Landau damping}},
volume = {9},
year = {2002}
}


% 2005, experiment. At high klD see frequency broadened electrostatic and electromagnetic spectra, consistent with trapping
%%%%%%%%%%%%%%%%%%%%%%%%%%%%%%%%%%%%%%%%%%%%%%%%%%%%%%%%%%%%%%%%%%%%%%%%%%%%%%%%%%%%%%%%%%%%%%%%%%%%%%%%%%%%%%%%%%%%%%%%%%
@article{Kline2005,
author = {Kline, J. L. and Montgomery, D. S. and Bezzerides, B. and Cobble, J. A. and Dubois, D. F. and Johnson, R. P. and Rose, H. A. and Yin, L. and Vu, H. X.},
doi = {10.1103/PhysRevLett.94.175003},
file = {:home/sjs/Downloads/PhysRevLett.94.175003.pdf:pdf},
issn = {00319007},
journal = {Physical Review Letters},
mendeley-groups = {iSRS},
number = {17},
pages = {4--7},
title = {{Observation of a transition from fluid to kinetic nonlinearities for langmuir waves driven by stimulated raman backscatter}},
volume = {94},
year = {2005}
}

% 2006 theory, presents a klD scaling for importance of different kinetic effects on Langmuir waves
%%%%%%%%%%%%%%%%%%%%%%%%%%%%%%%%%%%%%%%%%%%%%%%%%%%%%%%%%%%%%%%%%%%%%%%%%%%%%%%%%%%%%%%%%%%%%%%%%%%%
@article{Kline2006,
author = {Kline, J. L. and Montgomery, D. S. and Yin, L. and DuBois, D. F. and Albright, B. J. and Bezzerides, B. and Cobble, J. A. and Dodd, E. S. and DuBois, D. F. and Fern{\'{a}}ndez, J. C. and Johnson, R. P. and Kindel, J. M. and Rose, H. A. and Vu, H. X. and Daughton, W.},
url = {https://doi.org/10.1063/1.2178777},
issn = {1070664X},
journal = {Physics of Plasmas},
mendeley-groups = {iSRS},
number = {5},
title = {{Different k$\lambda$ D regimes for nonlinear effects on Langmuir waves}},
volume = {13},
year = {2006}
}


% 2008, Comes up with the idea of shock ignition, open access
%%%%%%%%%%%%%%%%%%%%%%%%%%%%%%%%%%%%%%%%%%%%%%%
@article{Betti_2008,
	doi = {10.1088/1742-6596/112/2/022024},
	url = {https://doi.org/10.1088%2F1742-6596%2F112%2F2%2F022024},
	year = 2008,
	month = {may},
	publisher = {{IOP} Publishing},
	volume = {112},
	number = {2},
	pages = {022024},
	author = {R Betti and W Theobald and C D Zhou and K S Anderson and P W McKenty and S Skupsky and D Shvarts and V N Goncharov and J A Delettrez and P B Radha and T C Sangster and C Stoeckl and D D Meyerhofer},
	title = {Shock ignition of thermonuclear fuel with high areal densities},
	journal = {Journal of Physics: Conference Series},
}

%2012 paper, really detailed simulations of kinetic inflation
%%%%%%%%%%%%%%%%%%%%%%%%%%%%%%%%%%%%%%%%%%%%%%%%%%%%%%%%%%%%%
@article{Ellis2012,
  url = {https://doi.org/10.1063/1.4762853},
  year = {2012},
  month = nov,
  publisher = {{AIP} Publishing},
  volume = {19},
  number = {11},
  pages = {112704},
  author = {I. N. Ellis and D. J. Strozzi and B. J. Winjum and F. S. Tsung and T. Grismayer and W. B. Mori and J. E. Fahlen and E. A. Williams},
  title = {Convective Raman amplification of light pulses causing kinetic inflation in inertial fusion plasmas},
  journal = {Physics of Plasmas}
}

% 2014 review, discusses LPI phsyics in SI
%%%%%%%%%%%%%%%%%%%%%%%%%%%%%%%%%%%%%%%%%%
@article{Batani_2014,
	url = {https://iopscience.iop.org/article/10.1088/0029-5515/54/5/054009},
	year = 2014,
	month = {apr},
	publisher = {{IOP} Publishing},
	volume = {54},
	number = {5},
	pages = {054009},
	author = {D. Batani and S. Baton and A. Casner and S. Depierreux and M. Hohenberger and O. Klimo and M. Koenig and C. Labaune and X. Ribeyre and C. Rousseaux and G. Schurtz and W. Theobald and V.T. Tikhonchuk},
	title = {Physics issues for shock ignition},
	journal = {Nuclear Fusion},
}

% 2015, the EPOCH paper
%%%%%%%%%%%%%%%%%%%%%%%
@article{Arber2015,
author = {T. D. Arber and K. Bennet and C. S. Brady and A. Lawrence-Douglas and M. G. Ramsay and N. J. Sircombe and P. Gillies and R. G. Evans and H. Schmitz and A. R. Bell and C. P. Ridgers},
journal = {Plasma Physics and Controlled Fusion},
pages = {113001},
title = {Contemporary particle-in-cell approach to laser-plasma modeling},
volume = {57},
year = {2015},
doi = {10.1088/0741-3335/57/11/113001},
}

% 1965, trapping reduces LW damping after one boucne period
%%%%%%%%%%%%%%%%%%%%%%%%%%%%%%%%%%%%%%%%%%%%%%%%%%%%%%%%%%%
@article{ONeil1965,
author = {T. O'Neil},
journal = {Physics of Fluids},
year= {1965},
number = {8},
volume = {12},
url = {https://doi.org/10.1063/1.1761193}
}

% 1974, first LPI analysis of SRS and SBS
%%%%%%%%%%%%%%%%%%%%%%%%%%%%%%%%%%%%%%%%%
@article{Liu1974,
author = {Liu,C. S.  and Rosenbluth,Marshall N.  and White,Roscoe B. },
title = {Raman and Brillouin scattering of electromagnetic waves in inhomogeneous plasmas},
journal = {The Physics of Fluids},
volume = {17},
number = {6},
pages = {1211-1219},
year = {1974},
doi = {10.1063/1.1694867},
}

% 1976, first analysis of TPD
%%%%%%%%%%%%%%%%%%%%%%%%%%%%%
@article{Liu1976,
author = {Liu, C. S. and Rosenbluth, Marshall N.},
doi = {10.1063/1.861591},
issn = {10706631},
journal = {Physics of Fluids},
number = {7},
pages = {967--971},
title = {{Parametric decay of electromagnetic waves into two plasmons and its consequences}},
volume = {19},
year = {1976}
}

% 2010, Chapman first AR paper
%%%%%%%%%%%%%%%%%%%%%%%%%%%%%%
@article{Chapman2010,
author = {Chapman, T. and H{\"{u}}ller, S. and Masson-Laborde, P. E. and Rozmus, W. and Pesme, D.},
doi = {10.1063/1.3529362},
issn = {1070664X},
journal = {Physics of Plasmas},
mendeley-groups = {iSRS},
number = {12},
title = {{Spatially autoresonant stimulated Raman scattering in inhomogeneous plasmas in the kinetic regime}},
volume = {17},
year = {2010}
}



% 2008, kinetic SRS saturation in terms of EPW bowing and TPMI
%%%%%%%%%%%%%%%%%%%%%%%%%%%%%%%%%%%%%%%%%%%%%%%%%%%%%%%%%%%%%%
@article{Yin2008,
author = {Yin, L. and Albright, B. J. and Bowers, K. J. and Daughton, W. and Rose, H. A.},
url ={https://doi.org/10.1063/1.2825663},
isbn = {1070-664X},
issn = {1070664X},
journal = {Physics of Plasmas},
mendeley-groups = {iSRS},
number = {1},
title = {{Saturation of backward stimulated scattering of laser in kinetic regime: Wavefront bowing, trapped particle modulational instability, and trapped particle self-focusing of plasma waves}},
volume = {15},
year = {2008}
}

% 2005, review of all of Direct Drive ICF
%%%%%%%%%%%%%%%%%%%%%%%%%%%%%%%%%%%%%%%%%
@article{Craxton2015,
author = {Craxton,R. S.  and Anderson,K. S.  and Boehly,T. R.  and Goncharov,V. N.  and Harding,D. R.  and Knauer,J. P.  and McCrory,R. L.  and McKenty,P. W.  and Meyerhofer,D. D.  and Myatt,J. F.  and Schmitt,A. J.  and Sethian,J. D.  and Short,R. W.  and Skupsky,S.  and Theobald,W.  and Kruer,W. L.  and Tanaka,K.  and Betti,R.  and Collins,T. J. B.  and Delettrez,J. A.  and Hu,S. X.  and Marozas,J. A.  and Maximov,A. V.  and Michel,D. T.  and Radha,P. B.  and Regan,S. P.  and Sangster,T. C.  and Seka,W.  and Solodov,A. A.  and Soures,J. M.  and Stoeckl,C.  and Zuegel,J. D. },
title = {Direct-drive inertial confinement fusion: A review},
journal = {Physics of Plasmas},
volume = {22},
number = {11},
pages = {110501},
year = {2015},
doi = {10.1063/1.4934714},
}

% 2018, convective to absolute growth transition
%%%%%%%%%%%%%%%%%%%%%%%%%%%%%%%%%%%%%%%%%%%%%%%%
@article{Wang2018,
author = {Wang, Y. X. and Wang, Q. and Zheng, C. Y. and Liu, Z. J. and Liu, C. S. and He, X. T.},
doi = {10.1063/1.5040095},
file = {:home/sj/Downloads/1.5040095.pdf:pdf},
issn = {10897674},
journal = {Physics of Plasmas},
mendeley-groups = {iSRS},
number = {10},
title = {{Nonlinear transition from convective to absolute Raman instability with trapped electrons and inflationary growth of reflectivity}},
volume = {25},
year = {2018}
}


% 2014, competition between SBS and SRS in SI, mentions iSRS in conclusion
%%%%%%%%%%%%%%%%%%%%%%%%%%%%%%%%%%%%%%%%%%%%%%%%%%%%%%%%%%%%%%%%%%%%%%%%%%%
@article{Klimo2014,
author = {Klimo, O. and Psikal, J. and Tikhonchuk, V. T. and Weber, S.},
doi = {10.1088/0741-3335/56/5/055010},
file = {:home/sj/.local/share/data/Mendeley Ltd./Mendeley Desktop/Downloaded/Klimo et al. - 2014 - Two-dimensional simulations of laser-plasma interaction and hot electron generation in the context of shock-igniti.pdf:pdf},
isbn = {0741-3335},
issn = {13616587},
journal = {Plasma Physics and Controlled Fusion},
keywords = {hot electrons,laser plasma interaction,particle-in-cell simulation,stimulated Raman scattering},
mendeley-groups = {iSRS},
number = {5},
title = {{Two-dimensional simulations of laser-plasma interaction and hot electron generation in the context of shock-ignition research}},
volume = {56},
year = {2014}
}

% 2018, experiment SRS dominant for ignition-scale SI
%%%%%%%%%%%%%%%%%%%%%%%%%%%%%%%%%%%%%%%%%%%%%%%%%%%%%%
@article{Rosenberg2018,
author = {Rosenberg, M. J. and Solodov, A. A. and Myatt, J. F. and Seka, W. and Michel, P. and Hohenberger, M. and Short, R. W. and Epstein, R. and Regan, S. P. and Campbell, E. M. and Chapman, T. and Goyon, C. and Ralph, J. E. and Barrios, M. A. and Moody, J. D. and Bates, J. W.},
doi = {10.1103/PhysRevLett.120.055001},
file = {:home/sj/.local/share/data/Mendeley Ltd./Mendeley Desktop/Downloaded/Rosenberg et al. - 2018 - Origins and Scaling of Hot-Electron Preheat in Ignition-Scale Direct-Drive Inertial Confinement Fusion Experim.pdf:pdf},
issn = {10797114},
journal = {Physical Review Letters},
mendeley-groups = {iSRS},
number = {5},
title = {{Origins and Scaling of Hot-Electron Preheat in Ignition-Scale Direct-Drive Inertial Confinement Fusion Experiments}},
volume = {120},
year = {2018}
}

% 2008, where the Te<100keV is okay number comes from
%%%%%%%%%%%%%%%%%%%%%%%%%%%%%%%%%%%%%%%%%%%%%%%%%%%%%%
@inproceedings{Betti2008,
author = {Betti, R. and Theobald, W. and Zhou, C. D. and Anderson, K. S. and McKenty, P. W. and Skupsky, S. and Shvarts, D. and Goncharov, V. N. and Delettrez, J. A. and Radha, P. B. and Sangster, T. C. and Stoeckl, C. and Meyerhofer, D. D.},
booktitle = {Journal of Physics: Conference Series},
doi = {10.1088/1742-6596/112/2/022024},
file = {:home/sj/.local/share/data/Mendeley Ltd./Mendeley Desktop/Downloaded/Betti et al. - 2008 - Shock ignition of thermonuclear fuel with high areal densities.pdf:pdf},
isbn = {1742-6596},
issn = {17426596},
mendeley-groups = {iSRS},
pmid = {17501359},
title = {{Shock ignition of thermonuclear fuel with high areal densities}},
volume = {112},
year = {2008}
}

% 2004, TPMI explanation for bursty behaviour
%%%%%%%%%%%%%%%%%%%%%%%%%%%%%%%%%%%%%%%%%%%%
@article{Brunner2004,
author = {Brunner, S. and Valeo, E. J.},
doi = {10.1103/PhysRevLett.93.145003},
issn = {00319007},
journal = {Physical Review Letters},
number = {14},
pages = {2--5},
title = {{Trapped-particle instability leading to bursting in stimulated Raman scattering simulations}},
volume = {93},
year = {2004}
}

%2017, experimental measurement of SRS at low densities in SI
%%%%%%%%%%%%%%%%%%%%%%%%%%%%%%%%%%%%%%%%%%%%%%%%%%%%%%%%%%%%%
@article{Cristoforetti2017,
author = {Cristoforetti, G. and Cola{\"{i}}tis, A. and Antonelli, L. and Atzeni, S. and Baffigi, F. and Batani, D. and Barbato, F. and Boutoux, G. and Dudzak, R. and Koester, P. and Krousky, E. and Labate, L. and Nicola{\"{i}}, Ph and Renner, O. and Skoric, M. and Tikhonchuk, V. and Gizzi, L. A.},
url= {https://doi.org/10.1209/0295-5075/117/35001 },
issn = {12864854},
journal = {EPL},
mendeley-groups = {shock-ignition},
number = {3},
title = {{Experimental observation of parametric instabilities at laser intensities relevant for shock ignition}},
volume = {117},
year = {2017}
}

%2011, first simulation of iSRS in shock-ignition
%%%%%%%%%%%%%%%%%%%%%%%%%%%%%%%%%%%%%%%%%%%%%%%%%%
@article{Riconda2011,
author = {Riconda, C. and Weber, S. and Tikhonchuk, V. T. and H{\'{e}}ron, A.},
doi = {10.1063/1.3630937},
file = {:home/sj/.local/share/data/Mendeley Ltd./Mendeley Desktop/Downloaded/Riconda et al. - 2011 - Kinetic simulations of stimulated Raman backscattering and related processes for the shock-ignition approach to.pdf:pdf},
isbn = {1070-664X},
issn = {1070664X},
journal = {Physics of Plasmas},
mendeley-groups = {shock-ignition},
number = {9},
title = {{Kinetic simulations of stimulated Raman backscattering and related processes for the shock-ignition approach to inertial confinement fusion}},
volume = {18},
year = {2011}
}

%long Ln simulations show that weakly damped SRS convective modes lead to significant pump depletion
@article{Hao2016,
author = {Hao, L. and Li, J. and Liu, W. D. and Yan, R. and Ren, C.},
doi = {10.1063/1.4945647},
journal = {Physics of Plasmas},
month = {apr},
number = {4},
pages = {042702},
publisher = {AIP Publishing LLC},
title = {{Simulation of stimulated Brillouin scattering and stimulated Raman scattering in shock ignition}},
url = {http://aip.scitation.org/doi/10.1063/1.4945647},
volume = {23},
year = {2016}
}

% Rosenberg 2020: full-scale SRS and TPD experiment on NIF
%%%%%%%%%%%%%%%%%%%%%%%%%%%%%%%%%%%%%%%%%%%%%%%%%%%%%%%%%%%%
@article{Rosenberg2020,
author = {Rosenberg,M. J.  and Solodov,A. A.  and Seka,W.  and Follett,R. K.  and Myatt,J. F.  and Maximov,A. V.  and Ren,C.  and Cao,S.  and Michel,P.  and Hohenberger,M.  and Palastro,J. P.  and Goyon,C.  and Chapman,T.  and Ralph,J. E.  and Moody,J. D.  and Scott,R. H. H.  and Glize,K.  and Regan,S. P. },
title = {Stimulated Raman scattering mechanisms and scaling behavior in planar direct-drive experiments at the National Ignition Facility},
journal = {Physics of Plasmas},
volume = {27},
number = {4},
pages = {042705},
year = {2020},
doi = {10.1063/1.5139226},
URL = {https://doi.org/10.1063/1.5139226},
}

@article{Rosenbluth1973,
author = {Rosenbluth, M. N. and White, R. B. and Lui, C. S.},
journal = {Physical Review Letters},
number = {19},
title = {{Temporal Evolution of a Three-Wave Parametric Instability}},
volume = {31},
year = {1973}
}

@article{Winjum2010,
author = {Winjum, B. J. and Fahlen, J. E. and Tsung, F. S. and Mori, W. B.},
doi = {10.1103/PhysRevE.81.045401},
issn = {15393755},
journal = {Physical Review E - Statistical, Nonlinear, and Soft Matter Physics},
number = {4},
pages = {1--4},
title = {{Effects of plasma wave packets and local pump depletion in stimulated Raman scattering}},
volume = {81},
year = {2010}
}


% Kruer text book
%%%%%%%%%%%%%%%%%%
@book{kruer2003,
  title={The Physics of Laser Plasma Interactions},
  author={Kruer, W.L.},
  isbn={9781003003243},
  year={2003},
  edition = {1st Edition},
  publisher={CRC Press},
  URL = {https://doi.org/10.1201/9781003003243}
}

% Liu Rosenbluth 1994 book
%%%%%%%%%%%%%%%%%%%%%%%%%%
@book{Liu1994,
author = {Liu, C S and Tripathi, V K},
title = {Interaction of Electromagnetic Waves with Electron Beams and Plasmas},
publisher = {World Scientific},
year = {1994},
doi = {10.1142/2189},
address = {},
edition   = {},
chapter = {9},
pages={142-147},
URL = {https://www.worldscientific.com/doi/abs/10.1142/2189},
}



% 2010, Klimo SI LPI paper focuses on nCr/4,nCr/16
%%%%%%%%%%%%%%%%%%%%%%%%%%%%%%%%%%%%%%%%%%%%%%%%%%
@article{Klimo2010,
author = {Klimo, O. and Weber, S. and Tikhonchuk, V. T. and Limpouch, J.},
doi = {10.1088/0741-3335/52/5/055013},
issn = {07413335},
journal = {Plasma Physics and Controlled Fusion},
mendeley-groups = {shock-ignition},
number = {5},
title = {{Particle-in-cell simulations of laser-plasma interaction for the shock ignition scenario}},
volume = {52},
year = {2010}
}

% reference for collision time calculation
%%%%%%%%%%%%%%%%%%%%%%%%%%%%%%%%%%%%%%%%%%
@article{Fundamenski2007,
author = {Fundamenski, W and Garcia, O E},
file = {:home/sj/.local/share/data/Mendeley Ltd./Mendeley Desktop/Downloaded/Fundamenski, Garcia - 2007 - Comparison of Coulomb Collision Rates in the Plasma Physics and Magnetically Confined Fusion Literature.pdf:pdf},
journal = {Efda-Jet Report},
mendeley-groups = {Textbooks},
number = {07},
title = {{Comparison of Coulomb Collision Rates in the Plasma Physics and Magnetically Confined Fusion Literature}},
url = {http://www.euro-fusionscipub.org/archives/jet-archive/comparison-of-coulomb-collision-rates-in-the-plasma-physics-and-magnetically-confined-fusion-literature},
year = {2007}
}


% 2011 SRS in SI focussed on absolute resonant growth
%%%%%%%%%%%%%%%%%%%%%%%%%%%%%%%%%%%%%%%%%%%%%%%%%%%%%
@article{Klimo2011,
author = {Klimo, O. and Tikhonchuk, V. T. and Ribeyre, X. and Schurtz, G. and Riconda, C. and Weber, S. and Limpouch, J.},
url = {https://doi.org/10.1063/1.3625264},
issn = {1070664X},
journal = {Physics of Plasmas},
mendeley-groups = {shock-ignition},
number = {8},
title = {{Laser plasma interaction studies in the context of shock ignition-Transition from collisional to collisionless absorption}},
volume = {18},
year = {2011}
}


%2006, BAM paper
%%%%%%%%%%%%%%%%
@article{Yin2006,
author = {Yin, L. and Daughton, W. and Albright, B. J. and Bowers, K. J. and Montgomery, D. S. and Kline, J. L. and Fern{\'{a}}ndez, J. C. and Roper, Q.},
url = {https://doi.org/10.1063/1.2210929},
issn = {1070664X},
journal = {Physics of Plasmas},
mendeley-groups = {iSRS},
number = {7},
title = {{Nonlinear backward stimulated Raman scattering from electron beam acoustic modes in the kinetic regime}},
volume = {13},
year = {2006}
}


@article{Morales1972,
author = {Morales, G. J. and O'Neil, T. M.},
doi = {10.1103/PhysRevLett.28.417},
isbn = {978-0-299-11874-7},
issn = {00319007},
journal = {Physical Review Letters},
number = {7},
pages = {417--420},
title = {{Nonlinear frequency shift of an electron plasma wave}},
volume = {28},
year = {1972}
}

@article{Strozzi2007,
  doi = {10.1063/1.2431161},
  url = {https://doi.org/10.1063/1.2431161},
  year = {2007},
  month = jan,
  publisher = {{AIP} Publishing},
  volume = {14},
  number = {1},
  pages = {013104},
  author = {D. J. Strozzi and E. A. Williams and A. B. Langdon and A. Bers},
  title = {Kinetic enhancement of Raman backscatter,  and electron acoustic Thomson scatter},
  journal = {Physics of Plasmas}
}


@article{Winjum2019,
author = {Winjum,B. J.  and Tableman,A.  and Tsung,F. S.  and Mori,W. B. },
title = {Interactions of laser speckles due to kinetic stimulated Raman scattering},
journal = {Physics of Plasmas},
volume = {26},
number = {11},
pages = {112701},
year = {2019},
doi = {10.1063/1.5110513},
URL = {https://doi.org/10.1063/1.5110513},
}


@article{Rousseaux2006,
author = {Rousseaux, C. and Gremillet, L. and Casanova, M. and Loiseau, P. and {Rabec Le Gloahec}, M. and Baton, S. D. and Amiranoff, F. and Adam, J. C. and H{\'{e}}ron, A.},
url = {https://doi.org/10.1103/PhysRevLett.108.145003},
issn = {10797114},
journal = {Physical Review Letters},
number = {1},
pages = {1--4},
title = {{Transient development of backward stimulated Raman and Brillouin scattering on a picosecond time scale measured by subpicosecond thomson diagnostic}},
volume = {97},
year = {2006}
}


@article{Yin2012,
author = {Yin, L. and Albright, B. J. and Rose, H. A. and Bowers, K. J. and Bergen, B. and Kirkwood, R. K. and Hinkel, D. E. and Langdon, A. B. and Michel, P. and Montgomery, D. S. and Kline, J. L.},
doi = {10.1063/1.3694673},
file = {:home/sj/.local/share/data/Mendeley Ltd./Mendeley Desktop/Downloaded/Yin et al. - 2012 - Trapping induced nonlinear behavior of backward stimulated Raman scattering in multi-speckled laser beams.pdf:pdf},
issn = {1070664X},
journal = {Physics of Plasmas},
mendeley-groups = {iSRS},
number = {5},
title = {{Trapping induced nonlinear behavior of backward stimulated Raman scattering in multi-speckled laser beams}},
volume = {19},
year = {2012}
}

@article{Theobald2012,
author = {Theobald, W. and Nora, R. and Lafon, M. and Casner, A. and Ribeyre, X. and Anderson, K. S. and Betti, R. and Delettrez, J. A. and Frenje, J. A. and Glebov, V. Yu. and Gotchev, O. V. and Hohenberger, M. and Hu, S. X. and Marshall, F. J. and Meyerhofer, D. D. and Sangster, T. C. and Schurtz, G. and Seka, W. and Smalyuk, V. A. and Stoeckl, C. and Yaakobi, B.},
doi = {10.1063/1.4763556},
file = {:home/sj/.local/share/data/Mendeley Ltd./Mendeley Desktop/Downloaded/Theobald et al. - 2012 - Spherical shock-ignition experiments with the 40 20-beam configuration on OMEGA.pdf:pdf},
issn = {1070664X},
journal = {Physics of Plasmas},
keywords = {Brillouin spectra,explosions,ignition,plasma density,plasma diagnostics,plasma instability,plasma light propagation,plasma shock waves,plasma temperature,plasmons},
mendeley-groups = {iSRS},
month = {oct},
number = {10},
pages = {102706},
publisher = {American Institute of Physics},
title = {{Spherical shock-ignition experiments with the 40 20-beam configuration on OMEGA}},
url = {http://aip.scitation.org/doi/10.1063/1.4763556},
volume = {19},
year = {2012}
}



@article{Chapman2012,
  title = {Driven Spatially Autoresonant Stimulated Raman Scattering in the Kinetic Regime},
  author = {Chapman, T. and H\"uller, S. and Masson-Laborde, P. E. and Heron, A. and Pesme, D. and Rozmus, W.},
  journal = {Phys. Rev. Lett.},
  volume = {108},
  issue = {14},
  pages = {145003},
  numpages = {5},
  year = {2012},
  month = {Apr},
  publisher = {American Physical Society},
  url = {https://doi.org/10.1103/PhysRevLett.108.145003}
}


@article{Perkins2009,
author = {Perkins, L J and Betti, R and Lafortune, K N and Williams, W H},
doi = {10.1103/PhysRevLett.103.045004},
journal={Physical Review Letters},
number = {July},
pages = {1--4},
title = {{Shock Ignition : A New Approach to High Gain Inertial Confinement Fusion on the National Ignition Facility}},
volume = {045004},
year = {2009}
}

@article{Anderson2013,
author = {Anderson, K. S. and Betti, R. and McKenty, P. W. and Collins, T. J.B. and Hohenberger, M. and Theobald, W. and Craxton, R. S. and Delettrez, J. A. and Lafon, M. and Marozas, J. A. and Nora, R. and Skupsky, S. and Shvydky, A.},
doi = {10.1063/1.4804635},
issn = {1070664X},
journal = {Physics of Plasmas},
number = {5},
title = {{A polar-drive shock-ignition design for the National Ignition Facility}},
volume = {20},
year = {2013}
}

@article{Ribeyre_2009,
	url = {https://iopscience.iop.org/article/10.1088/0741-3335/51/1/015013/meta},
	year = 2009,
	month = {dec},
	publisher = {{IOP} Publishing},
	volume = {51},
	number = {1},
	pages = {015013},
	author = {X Ribeyre and G Schurtz and M Lafon and S Galera and S Weber},
	title = {Shock ignition: an alternative scheme for {HiPER}},
	journal = {Plasma Physics and Controlled Fusion},
}

@article{Vu2007,
author = {Vu, H. X. and DuBois, D. F. and Bezzerides, B.},
doi = {10.1063/1.2426918},
journal = {Physics of Plasmas},
title = {{Inflation threshold : A nonlinear trapping- induced threshold for the rapid onset of stimulated Raman scattering from a single laser speckle}},
year = {2007}
}

@article{Rosenbluth1972,
author = {Rosenbluth, M. N.},
doi = {10.1103/PhysRevLett.29.565},
journal = {Physical Review Letters},
number = {9},
pages = {565},
title = {{Parametric Instabilities in Inhomogeneous Media}},
volume = {29},
year = {1972}
}

@article{Baton2020,
author = {Baton, S. D. and Cola{\"{i}}tis, A. and Rousseaux, C. and Boutoux, G. and Brygoo, S. and Jacquet, L. and Koenig, M. and Batani, D. and Casner, A. and Bel, E. Le and Raffestin, D. and Tentori, A. and Tikhonchuk, V. and Trela, J. and Reverdin, C. and Le-Deroff, L. and Theobald, W. and Cristoforetti, G. and Gizzi, L. A. and Koester, P. and Labate, L. and Shigemori, K.},
doi = {10.1016/j.hedp.2020.100796},
issn = {15741818},
journal = {High Energy Density Physics},
keywords = {Hot electrons,Inertial confinement fusion,Parametric instabilities,Shock ignition},
number = {March},
pages = {100796},
publisher = {Elsevier},
title = {{Preliminary results from the LMJ-PETAL experiment on hot electrons characterization in the context of shock ignition}},
url = {https://doi.org/10.1016/j.hedp.2020.100796},
volume = {36},
year = {2020}
}

@misc{Rufer1986,
author = {Rufer, M.L. and Murphy, P.W.},
title = {{Laser Program annual report, 1985}},
url = {https://inis.iaea.org/search/search.aspx?orig_q=RN:19042989},
year = {1986}
}

@article{Hao2012,
author = {Hao, Liang and Liu, Zhan Ju and Zheng, Chun Yang and Xiang, Jiang and Feng, Wu and Hu, Xiao Yan and Li, Bin},
doi = {10.1007/s11434-012-5243-7},
issn = {10016538},
journal = {Chinese Science Bulletin},
number = {21},
pages = {2747--2751},
volume = {57},
year = {2012}
}
