@article{Rib2009,
author = {Ribeyre, X. and Schurtz, G. and Lafon, M. and Galera, S. and Weber, S.},
doi = {10.1088/0741-3335/51/1/015013},
issn = {07413335},
journal = {Plasma Physics and Controlled Fusion},
number = {1},
title = {{Shock ignition: An alternative scheme for HiPER}},
volume = {51},
year = {2009},
url = {https://doi.org/10.1088/0741-3335/51/1/015013}
}

@article{Tran2020,
author = {Tran,G.  and Loiseau,P.  and Fusaro,A.  and Héron,A.  and Hüller,S.  and Maëder,L.  and Masson-Laborde,P.-E.  and Penninckx,D.  and Riazuelo,G. },
title = {Fluid modeling of stimulated Raman scattering accounting for trapped particles benchmarked against fully kinetic simulations},
journal = {Physics of Plasmas},
volume = {27},
number = {12},
pages = {122707},
year = {2020},
doi = {10.1063/5.0018669},

URL = { 
        https://doi.org/10.1063/5.0018669
    
},
eprint = { 
        https://doi.org/10.1063/5.0018669
    
}

}