@article{Thomson1974,
author = {Thomson, J. J. and Karush, Jack I.},
doi = {10.1063/1.1694940},
issn = {10706631},
journal = {Physics of Fluids},
number = {8},
pages = {1608--1613},
title = {{Effects of finite-bandwidth driver on the parametric instability}},
volume = {17},
year = {1974}
}

