@article{Theobald2012SphericalOMEGA,
title = {{Spherical shock-ignition experiments with the 40 + 20-beam configuration on OMEGA}}, 
year = {2012}, 
journal = {Physics of Plasmas}, 
author = {Theobald, W. and Nora, R. and Lafon, M. and Casner, A. and Ribeyre, X. and Anderson, K. S. and Betti, R. and Delettrez, J. A. and Frenje, J. A. and Glebov, V. Yu. and Gotchev, O. V. and Hohenberger, M. and Hu, S. X. and Marshall, F. J. and Meyerhofer, D. D. and Sangster, T. C. and Schurtz, G. and Seka, W. and Smalyuk, V. A. and Stoeckl, C. and Yaakobi, B.}, 
number = {10},
month = {10}, 
pages = {102706}, 
volume = {19},
publisher = {American Institute of Physics}, 
doi = {10.1063/1.4763556}, 
}

@article{Winjum2018,
arxivId = {1802.06187},
author = {Winjum, B. J. and Tsung, F. S. and Mori, W. B.},
doi = {10.1103/PhysRevE.98.043208},
eprint = {1802.06187},
file = {:home/sj/Downloads/PhysRevE.98.043208.pdf:pdf},
issn = {24700053},
journal = {Physical Review E},
keywords = {doi:10.1103/PhysRevE.98.043208 url:https://doi.org},
mendeley-groups = {SRS suppression},
number = {4},
pages = {1--5},
publisher = {American Physical Society},
title = {{Mitigation of stimulated Raman scattering in the kinetic regime by external magnetic fields}},
volume = {98},
year = {2018}
}



@article{Regan1998Laser-plasmaConditions, 
title = {{Laser-plasma interactions in long-scale-length plasmas under direct-drive NIF conditions}},
year = {1998},
journal = {LLE Review},
author = {Regan, S. P. and Craxton, R. S. and Meyerhofer D. D. and Seka, W. and Short, R. W. and  Simon, A. and Yaakobi, B.},
pages = {1--11}, volume = {77},
institution = {LLE University of Rochester}
} 

@article{Rosenberg2018OriginsExperiments, 
title = {{Origins and Scaling of Hot-Electron Preheat in Ignition-Scale Direct-Drive Inertial Confinement Fusion Experiments}},
year = {2018},
journal = {Physical Review Letters},
author = {Rosenberg, M. J. and Solodov, A. A. and Myatt, J. F. and Seka, W. and Michel, P. and Hohenberger, M. and Short, R. W. and Epstein, R. and Regan, S. P. and Campbell, E. M. and Chapman, T. and Goyon, C. and Ralph, J. E. and Barrios, M. A. and Moody, J. D. and Bates, J. W.},
doi = {10.1103/PhysRevLett.120.055001}, issn = {10797114}
}

@article{Hohenberger2014Shock-ignitionOMEGA,
title = {{Shock-ignition relevant experiments with planar targets on OMEGA}},
year = {2014},
journal = {Physics of Plasmas},
author = {Hohenberger, M and Theobald, W and Hu, S X and Anderson, K S and Betti, R and Boehly, T R and Casner, A and Fratanduono, D E and Lafon, M and Meyerhofer, D D and Nora, R and Ribeyre, X and Sangster, T C and Schurtz, G and Seka, W and Stoeckl, C and Yaakobi, B},
pages = {62705},
volume = {21},
doi = {10.1063/1.2885197doi.org/10.1063/1.4865373}
}

 @article{Cristoforetti2018MeasurementsGeneration,
 title = {{Measurements of parametric instabilities at laser intensities relevant to strong shock generation}},
 year = {2018},
 journal = {Physics of Plasmas},
 author = {Cristoforetti, G. and Antonelli, L. and Atzeni, S. and Baffigi, F. and Barbato, F. and Batani, D. and Boutoux, G. and Colaitis, A. and Dostal, J. and Dudzak, R. and Juha, L. and Koester, P. and Marocchino, A. and Mancelli, D. and Nicolai, Ph and Renner, O. and Santos, J. J. and Schiavi, A. and Skoric, M. M. and Smid, M. and Straka, P. and Gizzi, L. A.},
 doi = {10.1063/1.5006021},
 issn = {10897674}
 }
 
 @book{kruer,
  title={The Physics Of Laser Plasma Interactions},
  author={Kruer, W.},
  series={Frontiers in Physics},
  year={2003},
  publisher={Avalon Publishing}
}

@article{Liu1974,
abstract = {Raman and Brillouin scattering of an electromagnetic wave in an inhomogeneous, expanding plasma are studied. Application to laser‚Äêpellet irradiation is considered.},
author = {Liu, C. S. and Rosenbluth, Marshall N. and White, Roscoe B.},
doi = {10.1063/1.1694867},
file = {:home/selina-jane/.local/share/data/Mendeley Ltd./Mendeley Desktop/Downloaded/Liu, Rosenbluth, White - 1974 - Raman and Brillouin scattering of electromagnetic waves in inhomogeneous plasmas.pdf:pdf},
issn = {10706631},
journal = {Physics of Fluids},
number = {6},
pages = {1211--1219},
title = {{Raman and Brillouin scattering of electromagnetic waves in inhomogeneous plasmas}},
volume = {17},
year = {1974}
}

@article{Berger1984,
author = {Berger, R L},
doi = {10.1063/1.864791},
file = {:home/selina-jane/Downloads/1.864791.pdf:pdf},
issn = {10706631},
journal = {Physics of Fluids},
number = {7},
pages = {1796--1803},
title = {{Stimulated Brillouin scattering in inhomogeneous flowing plasma}},
volume = {27},
year = {1984}
}

@article{Forslund1975,
author = {Forslund, D W and Kindel, J M and Lindman, E L},
doi = {10.1063/1.861248},
journal = {Physics of Fluids},
number = {8},
pages = {1002--1016},
title = {{Theory of stimulated scattering processes in laser-irradiated plasmas}},
volume = {18},
year = {1975}
}

@article{Pesme1973,
author = {Pesme, D. and Laval, G. and Pellat, R},
doi = {10.1103/PhysRevLett.31.203},
journal = {Physical Review Letters},
number = {4},
pages = {203--206},
title = {{Parametric instabilities in bounded plasmas}},
volume = {31},
year = {1973}
}

@book{B&L,
  title={Plasma Physics via Computer Simulation},
  author={Birdsall, C.K. and Langdon, A.B.},
  isbn={9780750310253},
  series={Series in Plasma Physics and Fluid Dynamics},
  url={https://books.google.co.uk/books?id=S2lqgDTm6a4C},
  year={2004},
  publisher={Taylor \& Francis}
}


@article{PICreview,
  author={T D Arber and K Bennett and C S Brady and A Lawrence-Douglas and M G Ramsay and N J Sircombe and P Gillies and R G Evans and H
Schmitz and A R Bell and C P Ridgers},
  title={Contemporary particle-in-cell approach to laser-plasma modelling},
  journal={Plasma Physics and Controlled Fusion},
  volume={57},
  number={11},
  year={2015},
}

@article{Vu2007,
author = {Vu, H. X. and DuBois, D. F. and Bezzerides, B.},
doi = {10.1063/1.2426918},
title = {{Inflation threshold : A nonlinear trapping- induced threshold for the rapid onset of stimulated Raman scattering from a single laser speckle}},
journal={Physics of Plasmas},
volume={14},
year = {2007}
}

@article{Montgomery2002,
author = {Montgomery, D. S. and Cobble, J. A. and Fern{\'{a}}ndez, J. C. and Focia, R. J. and Johnson, R. P. and Renard-Legalloudec, N. and Rose, H. A. and Russell, D. A.},
doi = {10.1063/1.1468857},
journal = {Physics of Plasmas},
number = {5},
pages = {2311--2320},
title = {{Recent Trident single hot spot experiments: Evidence for kinetic effects, and observation of Langmuir decay instability cascade}},
volume = {9},
year = {2002}
}

@article{Vu2002,
author = {Vu, H. X. and DuBois, D. F. and Bezzerides, B.},
doi = {10.1063/1.1471235},
journal = {Physics of Plasmas},
number = {5},
pages = {1745},
title = {{Kinetic inflation of stimulated Raman backscatter in regimes of high linear Landau damping}},
volume = {9},
year = {2002}
}
