@article{Arber2015,
author = {Arber, T D and Bennett, K and Brady, C S and Lawrence-Douglas, A and Ramsay, M G and Sircombe, N J and Gillies, P and Evans, R G and Schmitz, H and Bell, A R and Ridgers, C P},
doi = {10.1088/0741-3335/57/11/113001},
isbn = {0741-3335},
issn = {13616587},
journal = {Plasma Physics and Controlled Fusion},
keywords = {laser-plasmas,numerical,particle-in-cell},
month = {nov},
number = {11},
pages = {113001},
publisher = {IOP Publishing},
title = {{Contemporary particle-in-cell approach to laser-plasma modelling}},
url = {https://doi.org/10.1088%2F0741-3335%2F57%2F11%2F113001 http://stacks.iop.org/0741-3335/57/i=11/a=113001?key=crossref.907aa156b73b99b125b1a0ae886c4c22},
volume = {57},
year = {2015}
}

