@book{Kruer96,
author = {Kruer, W. L.},
publisher = {Addison-Wesley Publishing Company},
title = {{The Physics of Laser Plasma Interations}},
year = {1996}
}

