@article{Winjum2018,
archivePrefix = {arXiv},
author = {Winjum, B. J. and Tsung, F. S. and Mori, W. B.},
doi = {10.1103/PhysRevE.98.043208},
eprint = {1802.06187},
issn = {24700053},
journal = {Physical Review E},
keywords = {doi:10.1103/PhysRevE.98.043208 url:https://doi.org},
number = {4},
pages = {1--5},
publisher = {American Physical Society},
title = {{Mitigation of stimulated Raman scattering in the kinetic regime by external magnetic fields}},
volume = {98},
year = {2018}
}

