@article{DieckmannSpencer2020,
author = {Dieckmann,M. E.  and Spencer,S. J.  and Falk,M.  and Rowlands,G. },
title = {Preferential acceleration of positrons by a filamentation instability
        between an electronâ€“proton beam and a pair plasma beam},
journal = {Physics of Plasmas},
volume = {27},
number = {12},
pages = {122102},
year = {2020},
doi = {10.1063/5.0021257},
URL = {https://doi.org/10.1063/5.0021257}

}
